# SELF-CITATION
@article{lepriol2021convergence,
  title={Convergence Rates for the MAP of an Exponential Family and Stochastic Mirror Descent--an Open Problem},
  author={Le Priol, R{\'e}mi and Kunstner, Frederik and Scieur, Damien and Lacoste-Julien, Simon},
  journal={arXiv preprint arXiv:2111.06826},
  year={2021}
}

# EXPONENTIAL FAMILY

@book{mccullagh1989generalized,
  title={Generalized Linear Models},
  author={McCullagh, P and Nelder, John A},
  year={1989},
  publisher={CRC Press}
}

@inproceedings{collins2001generalization,
  title={A Generalization of Principal Components Analysis to the Exponential Family.},
  author={Collins, Michael and Dasgupta, Sanjoy and Schapire, Robert E},
  booktitle={NeurIPS},
  year={2001}
}

@article{banerjee2005clustering,
  title={Clustering with {Bregman} divergences.},
  author={Banerjee, Arindam and Merugu, Srujana and Dhillon, Inderjit S and Ghosh, Joydeep and Lafferty, John},
  journal={JMLR},
  year={2005}
}

@article{wainwright2008graphical,
  title={Graphical Models, Exponential Families, and Variational Inference},
  author={Wainwright, Martin J and Jordan, Michael I},
  journal={Foundations and Trends{\textregistered} in Machine Learning},
  year={2008},
  publisher={Now Publishers Inc.}
}

@article{agarwal2010geometric,
  title={A geometric view of conjugate priors},
  author={Agarwal, Arvind and Daum{\'e}, Hal},
  journal={Machine learning},
  year={2010},
  publisher={Springer}
}

@inproceedings{kakade2010learning,
  title={Learning exponential families in high-dimensions: Strong convexity and sparsity},
  author={Kakade, Sham and Shamir, Ohad and Sindharan, Karthik and Tewari, Ambuj},
  booktitle={\mbox{AISTATS}},
  year={2010},
}

@misc{pfau2013generalized,
	title = {A Generalized Bias-Variance Decomposition for {Bregman}
Divergences},
  	author = {David Pfau},
  	howpublished = "\url{http://davidpfau.com/assets/generalized_bvd_proof.pdf}",
  year = {2013}, 
  note = "[Online; accessed February 23rd 2021]"
}

@book{barndoffnielsen2014information,
  publisher = {Wiley},
  title = {Information and Exponential Families},
  author = {Ola Barndorff-Nielsen},
  doi = {https://doi.org/10.1002/9781118857281.ch8},
  url = {https://onlinelibrary.wiley.com/doi/abs/10.1002/9781118857281.ch8},
  year = {1978},
}

@article{raskutti2015information,
  title={The information geometry of mirror descent},
  author={Raskutti, Garvesh and Mukherjee, Sayan},
  journal={IEEE Transactions on Information Theory},
  year={2015},
  publisher={IEEE}
}

@inproceedings{bubeck2015entropic,
  title={The entropic barrier: a simple and optimal universal self-concordant barrier},
  author={Bubeck, S{\'e}bastien and Eldan, Ronen},
  booktitle={COLT},
  year={2015}
}

@inproceedings{kunstner2020homeomorphic,
  title={Homeomorphic-Invariance of {EM}: Non-Asymptotic Convergence in {KL} Divergence for Exponential Families via Mirror Descent},
  author={Kunstner, Frederik and Kumar, Raunak and Schmidt, Mark},
  booktitle={AISTATS},
  year={2021}
}

# STATISTICS
@article{aitken1942estimation,
  title={On the Estimation of Statistical Parameters},
  author={Aitken, AC and Silverstone, H},
  journal={Proceedings of the Royal Society of Edinburgh Section A: Mathematics},
  year={1942},
  publisher={Royal Society of Edinburgh Scotland Foundation}
}

@article{tukey1954unsolved,
  title={Unsolved problems of experimental statistics},
  author={Tukey, John W},
  journal={Journal of the American Statistical Association},
  year={1954},
}

@book{varadhan1984large,
  title={Large deviations and applications},
  author={Varadhan, SR Srinivasa},
  year={1984},
  publisher={SIAM}
}

@book{vdv1998asymptotic,
   AUTHOR = {Van der Vaart, A. W.},
    TITLE = {Asymptotic statistics},
	PUBLISHER = {Cambridge University Press},
     YEAR = {1998},
      DOI = {10.1017/CBO9780511802256},
}

@Book{devroye2001combinatorial,
	AUTHOR = {Luc P. Devroye and G{\'a}bor Lugosi},
	TITLE = {{Combinatorial Methods in Density Estimation}},
	PUBLISHER = {Springer},
	ADDRESS = {New York},
	YEAR = {2001},
	PAGES = {xii+208},
	ISBN = {0-387-95117-2},
}

@article{braess2004bernstein,
  title={Bernstein polynomials and learning theory},
  author={Braess, Dietrich and Sauer, Thomas},
  journal={Journal of Approximation Theory},
  volume={128},
  number={2},
  pages={187--206},
  year={2004},
  publisher={Elsevier}
}

@book {tsybakov2009introduction,
   AUTHOR = {Tsybakov, Alexandre B.},
   TITLE = {Introduction to nonparametric estimation},
    NOTE = {Revised and extended from the 2004 French original, Translated by Vladimir Zaiats},
	PUBLISHER = {Springer},
  	ADDRESS = {New York},
     YEAR = {2009},
    PAGES = {xii+214}
}

@article{negahban2012unified,
  title={A unified framework for high-dimensional analysis of {$M$}-estimators with decomposable regularizers},
  author={Negahban, Sahand N and Ravikumar, Pradeep and Wainwright, Martin J and Yu, Bin},
  journal={Statistical science},
  year={2012},
  publisher={Institute of Mathematical Statistics}
}

@inproceedings{kamath2015learning,
  title={On learning distributions from their samples},
  author={Kamath, Sudeep and Orlitsky, Alon and Pichapati, Dheeraj and Suresh, Ananda Theertha},
  booktitle={COLT},
  year={2015}
}

@article{pav2015moments,
  title={Moments of the log non-central chi-square distribution},
  author={Pav, Steven E},
  journal={arXiv preprint arXiv:1503.06266},
  year={2015}
}

@article{anastasiou2017bounds,
  title={Bounds for the normal approximation of the maximum likelihood estimator},
  author={Anastasiou, Andreas and Reinert, Gesine},
  journal={Bernoulli},
  year={2017},
  publisher={Bernoulli Society for Mathematical Statistics and Probability}
}

@article{baraud2017new,
  title={A new method for estimation and model selection: $\rho$-estimation},
  author={Baraud, Yannick and Birg{\'e}, Lucien and Sart, Mathieu},
  journal={Inventiones mathematicae},
  year={2017},
  publisher={Springer}
}

@article{sun2019generalized,
  title={Generalized self-concordant functions: a recipe for Newton-type methods},
  author={Sun, Tianxiao and Tran-Dinh, Quoc},
  journal={Mathematical Programming},
  year={2019},
  publisher={Springer}
}

@article{ostrovskii2021finite,
  title={{Finite-sample analysis of $M$-estimators using self-concordance}},
  author={Ostrovskii, Dmitrii M and Bach, Francis},
  journal={Electronic Journal of Statistics},
  year={2021},
  publisher={Institute of Mathematical Statistics and Bernoulli Society}
}


# OPTIMIZATION
@article{robbins1951stochastic,
  title={A stochastic approximation method},
  author={Robbins, Herbert and Monro, Sutton},
  journal={The annals of mathematical statistics},
  year={1951},
  publisher={JSTOR}
}

@book{nesterov1994interior,
  title={Interior-point polynomial algorithms in convex programming},
  author={Nesterov, Yurii and Nemirovskii, Arkadii},
  year={1994},
  publisher={SIAM}
}

@misc{kakade2009duality,
  title={On the duality of strong convexity and strong smoothness: Learning applications and matrix regularization},
  author={Kakade, Sham and Shalev-Shwartz, Shai and Tewari, Ambuj},
  year={2009},
  howpublished = "\url{http://ttic.uchicago. edu/shai/papers/KakadeShalevTewari09.pdf}",
}

@inproceedings{birnbaum2011distributed,
  title={Distributed algorithms via gradient descent for fisher markets},
  author={Birnbaum, Benjamin and Devanur, Nikhil R and Xiao, Lin},
  booktitle={ACM conference on Electronic commerce},
  year={2011}
}

@inproceedings{moulines2011non,
  title={Non-asymptotic analysis of stochastic approximation algorithms for machine learning},
  author={Moulines, Eric and Bach, Francis},
  booktitle={NeurIPS},
  year={2011}
}

@article{bubeck2015convex,
  title={Convex Optimization: Algorithms and Complexity},
  author={Bubeck, S{\'e}bastien},
  journal={Foundations and Trends{\textregistered} in Machine Learning},
  year={2015},
  publisher={Now Publishers, Inc.}
}

@article{bauschke2017descent,
  title={A descent lemma beyond Lipschitz gradient continuity: first-order methods revisited and applications},
  author={Bauschke, Heinz H and Bolte, J{\'e}r{\^o}me and Teboulle, Marc},
  journal={Mathematics of Operations Research},
  year={2017},
  publisher={Informs}
}

@article{lu2018relatively,
  title={Relatively smooth convex optimization by first-order methods, and applications},
  author={Lu, Haihao and Freund, Robert M and Nesterov, Yurii},
  journal={SIAM Journal on Optimization},
  year={2018},
  publisher={SIAM}
}

@article{hanzely2018fastest,
  author    = {Filip Hanzely and Peter Richt{\'{a}}rik},
  title     = {Fastest rates for stochastic mirror descent methods},
  journal   = {Computational Optimization and Applications},
  year      = {2021},
}

@inproceedings{gower2019sgd,
  title={{SGD}: General analysis and improved rates},
  author={Gower, Robert Mansel and Loizou, Nicolas and Qian, Xun and Sailanbayev, Alibek and Shulgin, Egor and Richt{\'a}rik, Peter},
  booktitle={ICML},
  year={2019},
}

@article{lu2019relative,
  title={{Relative Continuity} for Non-Lipschitz Nonsmooth Convex Optimization Using Stochastic (or Deterministic) Mirror Descent},
  author={Lu, Haihao},
  journal={INFORMS Journal on Optimization},
  year={2019},
  publisher={INFORMS}
}

@inproceedings{marteauferey2019beyond,
  title={Beyond least-squares: Fast rates for regularized empirical risk minimization through self-concordance},
  author={Marteau-Ferey, Ulysse and Ostrovskii, Dmitrii and Bach, Francis and Rudi, Alessandro},
  booktitle={COLT},
  year={2019},
  organization={PMLR}
}

@inproceedings{dvurechensky2020selfconcordant,
  title={Self-concordant analysis of Frank-Wolfe algorithms},
  author={Dvurechensky, Pavel and Ostroukhov, Petr and Safin, Kamil and Shtern, Shimrit and Staudigl, Mathias},
  booktitle={ICML},
  year={2020},
  organization={PMLR}
}

@article{khaled2020better,
  title={Better theory for {SGD} in the nonconvex world},
  author={Khaled, Ahmed and Richt{\'a}rik, Peter},
  journal={arXiv preprint arXiv:2002.03329},
  year={2020}
}

@article{hanzely2021accelerated,
  title={Accelerated {Bregman} proximal gradient methods for relatively smooth convex optimization},
  author={Hanzely, Filip and Richtarik, Peter and Xiao, Lin},
  journal={Computational Optimization and Applications},
  year={2021},
}

@inproceedings{dragomir2021fast,
  title={Fast Stochastic {Bregman} Gradient Methods: Sharp Analysis and Variance Reduction},
  author={Dragomir, Radu-Alexandru and Even, Mathieu and Hendrikx, Hadrien},
  booktitle={ICML},
  year={2021}
}

@inproceedings{loizou2021stochastic,
  title = 	 {Stochastic {Polyak} Step-size for {SGD}: An Adaptive Learning Rate for Fast Convergence },
  author = {Loizou, Nicolas and Vaswani, Sharan and Hadj Laradji, Issam and Lacoste-Julien, Simon},
  booktitle = 	 {AISTATS},
  year = 	 {2021},
}


@article{dorazio2021stochastic,
  title={Stochastic Mirror Descent: Convergence Analysis and Adaptive Variants via the Mirror Stochastic Polyak Stepsize},
  author={D'Orazio, Ryan and Loizou, Nicolas and Laradji, Issam and Mitliagkas, Ioannis},
  journal={arXiv preprint arXiv:2110.15412},
  year={2021}
}

@book{nemirovski1983problem,
  author ={A. S. Nemirosky and D. B. Yudin},
  title = {Problem Complexity and Method Efficiency in Optimization},
  year = {1983},
  publisher = {Wiley}
}

@article{beck2003mirror,
  author    = {Amir Beck and Marc Teboulle},
  title     = {Mirror descent and nonlinear projected subgradient methods for convex optimization},
  journal   = {Operations Research Letters},
  year      = {2003},
}

@article{dragomir2021optimal,
  title = {Optimal Complexity and Certification of {Bregman} First-Order Methods},
  author = {Radu-Alexandru Dragomir and Adrien Taylor and Alexandre d'Aspremont and Jérôme Bolte},
  journal = {Mathematical Programming},
  year = {2021},
}

# PROXIMAL POINT
@article{eckstein1993nonlinear,
  title={Nonlinear proximal point algorithms using {Bregman} functions, with applications to convex programming},
  author={Eckstein, Jonathan},
  journal={Mathematics of Operations Research},
  year={1993},
  publisher={INFORMS}
}

@article{chen1993convergence,
  title={Convergence analysis of a proximal-like minimization algorithm using {Bregman} functions},
  author={Chen, Gong and Teboulle, Marc},
  journal={SIAM Journal on Optimization},
  year={1993},
  publisher={SIAM}
}

@article{eckstein1998approximate,
  title={Approximate iterations in {Bregman}-function-based proximal algorithms},
  author={Eckstein, Jonathan},
  journal={Mathematical programming},
  year={1998},
  publisher={Springer}
}


## Stochastic Optim
@inproceedings{rakhlin2012making,
  author    = {Alexander Rakhlin and Ohad Shamir and Karthik Sridharan},
  title     = {Making Gradient Descent Optimal for Strongly Convex Stochastic Optimization},
  booktitle = {ICML},
  year      = {2012},
}

@misc{lacostejulien2012simpler,
  author    = {Simon Lacoste{-}Julien and Mark Schmidt and Francis R. Bach},
  title     = {A simpler approach to obtaining an O(1/t) convergence rate for the projected stochastic subgradient method},
  note = {Preprint. arXiv/1212.2002},
  year      = {2012},
}

@article{bach2010self,
  title={Self-concordant analysis for logistic regression},
  author={Bach, Francis},
  journal={Electronic Journal of Statistics},
  year={2010},
  publisher={Institute of Mathematical Statistics and Bernoulli Society}
}

@inproceedings{bach2013nonstronglyconvex,
  author    = {Francis Bach and Eric Moulines},
  title     = {Non-strongly-convex smooth stochastic approximation with convergence rate {$O(1/n)$}},
  booktitle = {NeurIPS},
  year      = {2013},
}

@article{ghadimi2012optimal,
  author    = {Saeed Ghadimi and Guanghui Lan},
  title     = {Optimal Stochastic Approximation Algorithms for Strongly Convex Stochastic Composite Optimization {I:} {A} Generic Algorithmic Framework},
  journal   = {SIAM Journal on Optimization},
  year      = {2012},
}


@article{nemirovski2009robust,
  author    = {Arkadi Nemirovski and Anatoli B. Juditsky and Guanghui Lan and Alexander Shapiro},
  title     = {Robust Stochastic Approximation Approach to Stochastic Programming},
  journal   = {SIAM Journal on Optimization},
  year      = {2009},
}

@book{nesterov2003introductory,
  author    = {Yurii E. Nesterov},
  title     = {Introductory Lectures on Convex Optimization - {A} Basic Course},
  series    = {Applied Optimization},
  publisher = {Springer},
  year      = {2004},
}

@inproceedings{frostig2015competing,
  title={Competing with the empirical risk minimizer in a single pass},
  author={Frostig, Roy and Ge, Rong and Kakade, Sham M and Sidford, Aaron},
  booktitle={COLT},
  year={2015},
}


## Online learning

@article{azoury2001relative,
  author    = {Katy S. Azoury and Manfred K. Warmuth},
  title     = {Relative Loss Bounds for On-line Density Estimation with the Exponential Family of Distributions},
  journal   = {Machine Learning},
  year      = {2001},
}

@inproceedings{dasgupta2007online,
  author    = {Sanjoy Dasgupta and Daniel J. Hsu},
  title     = {On-Line Estimation with the Multivariate {Gaussian} Distribution},
  booktitle = {COLT},
  year      = {2007},
}


@inproceedings{freund1996predicting,
  author    = {Yoav Freund},
  title     = {Predicting a Binary Sequence Almost As Well As the Optimal Biased Coin},
  booktitle = {COLT},
  publisher = {{ACM}},
  year      = {1996},
 }

## MISCELLANEOUS
@inproceedings{lepriol2021analysis,
  title={An analysis of the adaptation speed of causal models},
  author={Le Priol, R{\'e}mi and Babanezhad, Reza and Bengio, Yoshua and Lacoste-Julien, Simon},
  booktitle={AISTATS},
  year={2021},
  organization={PMLR}
}

@misc{DLMF,
       key = {DLMF, Release 1.0.26 of 2020-03-15},
       title = {{NIST} Digital Library of Mathematical Functions},
       howpublished = {\url{http://dlmf.nist.gov/}, Release 1.1.3 of 2021-09-15},
       year= {2021},
       url = {http://dlmf.nist.gov/},
       author = {F.~W.~J. Olver and A.~B. Olde Daalhuis and D.~W. Lozier and B.~I. Schneider and R.~F. Boisvert and C.~W. Clark and B.~R. Mille and, B.~V. Saunders and H.~S. Cohl and M.~A. McClain, eds.}
}

