% PERSONAL
@inproceedings{lepriol2021analysis,
  title={An Analysis of the Adaptation Speed of Causal Models},
  author={Le Priol, R{\'e}mi and Babanezhad, Reza and Bengio, Yoshua and Lacoste-Julien, Simon},
  booktitle={AISTATS},
  year={2021}
}


%
% CONTRIBUTION 2
%
% FOLLOW UP
@inproceedings{bengio2019meta,
  title={A Meta-Transfer Objective for Learning to Disentangle Causal Mechanisms},
  author={Bengio, Yoshua and Deleu, Tristan and Rahaman, Nasim and Ke, Rosemary and Lachapelle, S{\'e}bastien and Bilaniuk, Olexa and Goyal, Anirudh and Pal, Christopher},
  booktitle={ICLR},
  year={2020}
}
@article{ke2019learning,
  title={Learning Neural Causal Models from Unknown Interventions},
  author={Ke, Nan Rosemary and Bilaniuk, Olexa and Goyal, Anirudh and Bauer, Stefan and Larochelle, Hugo and Pal, Chris and Bengio, Yoshua},
  journal={arXiv preprint arXiv:1910.01075},
  year={2019}
}
@article{ke2019learningv1,
    title={Learning Neural Causal Models from Unknown Interventions},
    author={Nan Rosemary Ke and Olexa Bilaniuk and Anirudh Goyal and Stefan Bauer and Hugo Larochelle and Bernhard Sch√∂lkopf and Michael C. Mozer and Chris Pal and Yoshua Bengio},
    year={2019},
    url={https://arxiv.org/pdf/1910.01075v1.pdf}
}


% ROBUSTNESS
@article{ganin2016domain,
  title={Domain-adversarial training of neural networks},
  author={Ganin, Yaroslav and Ustinova, Evgeniya and Ajakan, Hana and Germain, Pascal and Larochelle, Hugo and Laviolette, Fran{\c{c}}ois and Marchand, Mario and Lempitsky, Victor},
  journal={The Journal of Machine Learning Research},
  year={2016}
}
@article{antoniou2017data,
  title={Data augmentation generative adversarial networks},
  author={Antoniou, Antreas and Storkey, Amos and Edwards, Harrison},
  journal={arXiv preprint arXiv:1711.04340},
  year={2017}
}
@article{hendrycks2018benchmarking,
  title={Benchmarking neural network robustness to common corruptions and surface variations},
  author={Hendrycks, Dan and Dietterich, Thomas G},
  journal={arXiv preprint arXiv:1807.01697},
  year={2018}
}
@article{geirhos2018imagenet,
  title={ImageNet-trained CNNs are biased towards texture; increasing shape bias improves accuracy and robustness},
  author={Geirhos, Robert and Rubisch, Patricia and Michaelis, Claudio and Bethge, Matthias and Wichmann, Felix A and Brendel, Wieland},
  journal={arXiv preprint arXiv:1811.12231},
  year={2018}
}
@article{he2019nico,
  title={NICO: A Dataset Towards Non-IID Image Classification},
  author={He, Yue and Shen, Zheyan and Cui, Peng},
  journal={arXiv preprint arXiv:1906.02899},
  year={2019}
}
@article{arjovsky2019invariant,
  title={Invariant risk minimization},
  author={Arjovsky, Martin and Bottou, L{\'e}on and Gulrajani, Ishaan and Lopez-Paz, David},
  journal={arXiv preprint arXiv:1907.02893},
  year={2019}
}
@article{gowal2019achieving,
  title={Achieving Robustness in the Wild via Adversarial Mixing with Disentangled Representations},
  author={Gowal, Sven and Qin, Chongli and Huang, Po-Sen and Cemgil, Taylan and Dvijotham, Krishnamurthy and Mann, Timothy and Kohli, Pushmeet},
  journal={arXiv preprint arXiv:1912.03192},
  year={2019}
}
@article{albuquerque2019adversarial,
  title={Adversarial target-invariant representation learning for domain generalization},
  author={Albuquerque, Isabela and Monteiro, Jo{\~a}o and Falk, Tiago H and Mitliagkas, Ioannis},
  journal={arXiv preprint arXiv:1911.00804},
  year={2019}
}

% OPTIMIZATION
@article{robbins1951stochastic,
  title={A stochastic approximation method},
  author={Robbins, Herbert and Monro, Sutton},
  journal={The annals of mathematical statistics},
  pages={400--407},
  year={1951},
  publisher={JSTOR}
}
@article{vapnik1971uniform,
  title={On the uniform convergence of relative frequencies of events to their probabilities},
  author={Vapnik, Vladimir N and Chervonenkis, A Ya},
  journal={Soviet Mathematics Doklady},
  year={1971}
}
@article{ehrenfeucht1989general,
  title={A general lower bound on the number of examples needed for learning},
  author={Ehrenfeucht, Andrzej and Haussler, David and Kearns, Michael and Valiant, Leslie},
  journal={Information and Computation},
  year={1989}
}
@book{nesterov2004Intro,
author = {Nesterov, Yurii},
title = {Introductory Lectures on Convex Optimization: A Basic Course},
year = {2004},
publisher = {Springer},
}
@inproceedings{bottou2008tradeoffs,
  title={The tradeoffs of large scale learning},
  author={Bottou, L{\'e}on and Bousquet, Olivier},
  booktitle={Advances in neural information processing systems},
  pages={161--168},
  year={2008}
}
@inproceedings{agarwal2009information,
  title={Information-theoretic lower bounds on the oracle complexity of convex optimization},
  author={Agarwal, Alekh and Wainwright, Martin J and Bartlett, Peter L and Ravikumar, Pradeep K},
  booktitle={NeurIPS},
  year={2009}
}
@inproceedings{xiao2009dual,
  title={Dual Averaging Method for Regularized Stochastic Learning and Online Optimization},
  author={Xiao, Lin},
  booktitle={Advances in Neural Information Processing Systems},
  pages={2116--2124},
  year={2009}
}
@article{duchi2009efficient,
  title={Efficient online and batch learning using forward backward splitting},
  author={Duchi, John and Singer, Yoram},
  journal={Journal of Machine Learning Research},
  volume={10},
  number={Dec},
  pages={2899--2934},
  year={2009}
}
@inproceedings{duchi2010composite,
  title={Composite Objective Mirror Descent.},
  author={Duchi, John C and Shalev-Shwartz, Shai and Singer, Yoram and Tewari, Ambuj},
  booktitle={COLT},
  pages={14--26},
  year={2010}
}
@inproceedings{moulines2011nonasymptotic,
  title={Non-asymptotic analysis of stochastic approximation algorithms for machine learning},
  author={Moulines, Eric and Bach, Francis R},
  booktitle={NeurIPS},
  year={2011}
}

@article{parikh2014proximal,
  title={Proximal algorithms},
  author={Parikh, Neal and Boyd, Stephen and others},
  journal={Foundations and Trends{\textregistered} in Optimization},
  volume={1},
  number={3},
  pages={127--239},
  year={2014},
  publisher={Now Publishers, Inc.}
}

@article{bubeck2015convex,
  title={Convex optimization: Algorithms and complexity},
  author={Bubeck, S{\'e}bastien and others},
  journal={Foundations and Trends{\textregistered} in Machine Learning},
  year={2015},
  publisher={Now Publishers, Inc.}
}
@article{yang2016unified,
  title={Unified convergence analysis of stochastic momentum methods for convex and non-convex optimization},
  author={Yang, Tianbao and Lin, Qihang and Li, Zhe},
  journal={arXiv preprint arXiv:1604.03257},
  year={2016}
}
@article{lan2016gradient,
  title={Gradient sliding for composite optimization},
  author={Lan, Guanghui},
  journal={Mathematical Programming},
  volume={159},
  number={1-2},
  pages={201--235},
  year={2016},
  publisher={Springer}
}
@article{bauschke2016descent,
  title={A descent lemma beyond Lipschitz gradient continuity: first-order methods revisited and applications},
  author={Bauschke, Heinz H and Bolte, J{\'e}r{\^o}me and Teboulle, Marc},
  journal={Mathematics of Operations Research},
  year={2016},
  publisher={INFORMS}
}
@article{mandt2017stochastic,
  title={Stochastic gradient descent as approximate bayesian inference},
  author={Mandt, Stephan and Hoffman, Matthew D and Blei, David M},
  journal={JMLR},
  year={2017}
}
@article{atchade2017perturbed,
  title={On perturbed proximal gradient algorithms},
  author={Atchad{\'e}, Yves F and Fort, Gersende and Moulines, Eric},
  journal={Journal of Machine Learning Research},
  volume={18},
  number={1},
  pages={310--342},
  year={2017},
  publisher={JMLR. org}
}


% DECONFOUNDING
@article{cevid2018spectral,
  title={Spectral Deconfounding and Perturbed Sparse Linear Models},
  author={{\'C}evid, Domagoj and B{\"u}hlmann, Peter and Meinshausen, Nicolai},
  journal={arXiv preprint arXiv:1811.05352},
  year={2018}
}
@article{ranganath2018multiple,
  title={Multiple causal inference with latent confounding},
  author={Ranganath, Rajesh and Perotte, Adler},
  journal={arXiv preprint arXiv:1805.08273},
  year={2018}
}
@article{wang2019blessings,
  title={The blessings of multiple causes},
  author={Wang, Yixin and Blei, David M},
  journal={Journal of the American Statistical Association},
  number={just-accepted},
  pages={1--71},
  year={2019},
  publisher={Taylor \& Francis}
}
@article{damour2019multi,
  title={On multi-cause causal inference with unobserved confounding: Counterexamples, impossibility, and alternatives},
  author={D'Amour, Alexander},
  journal={arXiv preprint arXiv:1902.10286},
  year={2019}
}
@inproceedings{zhang2019medical,
  title={The Medical Deconfounder: Assessing Treatment Effects with Electronic Health Records},
  author={Zhang, Linying and Wang, Yixin and Ostropolets, Anna and Mulgrave, Jami J and Blei, David M and Hripcsak, George},
  booktitle={Machine Learning for Healthcare Conference},
  year={2019}
}


% CAUSALITY
@article{pearl1985bayesian,
  title={Bayesian networks: A model of self-activated memory for evidential reasoning},
  author={Pearl, Judea},
  year={1985}
}
@book{pearl1988probabilistic,
  title={Probabilistic reasoning in intelligent systems: networks of plausible inference},
  author={Pearl, Judea},
  year={1988},
}
@book{verma1991equivalence,
  title={Equivalence and synthesis of causal models},
  author={Verma, Thomas and Pearl, Judea},
  year={1991},
  publisher={UCLA, Computer Science Department}
}
@incollection{cooper1991bayesian,
  title={A Bayesian method for constructing Bayesian belief networks from databases},
  author={Cooper, Gregory F and Herskovits, Edward},
  booktitle={Uncertainty Proceedings 1991},
  year={1991},
  publisher={Elsevier}
}
@article{heckerman1995learning,
  title={Learning Bayesian networks: The combination of knowledge and statistical data},
  author={Heckerman, David and Geiger, Dan and Chickering, David M},
  journal={Machine learning},
  volume={20},
  number={3},
  pages={197--243},
  year={1995},
  publisher={Springer}
}
@book{spirtes2000causation,
  title={Causation, prediction, and search},
  author={Spirtes, Peter and Glymour, Clark N and Scheines, Richard and Heckerman, David},
  year={2000},
  publisher={MIT press}
}
@inproceedings{tian2001causal,
  title={Causal discovery from changes},
  author={Tian, Jin and Pearl, Judea},
  booktitle={UAI},
  year={2001},
}
@article{geiger2002parameter,
  title={Parameter priors for directed acyclic graphical models and the characterization of several probability distributions},
  author={Geiger, Dan and Heckerman, David and others},
  journal={The Annals of Statistics},
  volume={30},
  number={5},
  pages={1412--1440},
  year={2002},
  publisher={Institute of Mathematical Statistics}
}
@article{chickering2002optimal,
  title={Optimal structure identification with greedy search},
  author={Chickering, David Maxwell},
  journal={Journal of machine learning research},
  volume={3},
  number={Nov},
  pages={507--554},
  year={2002}
}
@inproceedings{eaton2007exact,
  title={Exact Bayesian structure learning from uncertain interventions},
  author={Eaton, Daniel and Murphy, Kevin},
  booktitle={Artificial intelligence and statistics},
  pages={107--114},
  year={2007}
}

@book{pearl2009causality,
  title={Causality},
  author={Pearl, Judea},
  year={2009},
  publisher={Cambridge university press}
}

@article{janzing2010causal,
  title={Causal inference using the algorithmic Markov condition},
  author={Janzing, Dominik and Scholkopf, Bernhard},
  journal={IEEE Transactions on Information Theory},
  volume={56},
  number={10},
  year={2010},
  publisher={IEEE}
}
@inproceedings{scholkopf2012causal,
  title={On causal and anticausal learning},
  author={Sch{\"o}lkopf, Bernhard and Janzing, Dominik and Peters, Jonas and Sgouritsa, Eleni and Zhang, Kun and Mooij, Joris},
  booktitle={ICML},
  year={2012}
}
@article{huang2012pearl,
  title={Pearl's calculus of intervention is complete},
  author={Huang, Yimin and Valtorta, Marco},
  journal={arXiv preprint arXiv:1206.6831},
  year={2012}
}
@inproceedings{zhang2013domain,
  title={Domain adaptation under target and conditional shift},
  author={Zhang, Kun and Sch{\"o}lkopf, Bernhard and Muandet, Krikamol and Wang, Zhikun},
  booktitle={ICML},
  year={2013}
}

@article{pearl2014external,
  title={External validity: From do-calculus to transportability across populations},
  author={Pearl, Judea and Bareinboim, Elias},
  journal={Statistical Science},
  year={2014},
  publisher={JSTOR}
}
@article{chalupka2016estimating,
  title={Estimating Causal Direction and Confounding of Two Discrete Variables},
  author={Chalupka, Krzysztof and Eberhardt, Frederick and Perona, Pietro},
  journal={arXiv preprint arXiv:1611.01504},
  year={2016}
}
@article{scholkopf2016modeling,
  title={Modeling confounding by half-sibling regression},
  author={Sch{\"o}lkopf, Bernhard and Hogg, David W and Wang, Dun and Foreman-Mackey, Daniel and Janzing, Dominik and Simon-Gabriel, Carl-Johann and Peters, Jonas},
  journal={Proceedings of the National Academy of Sciences},
  year={2016}
}
@article{mooij2016distinguishing,
  author  = {Joris M. Mooij and Jonas Peters and Dominik Janzing and Jakob Zscheischler and Bernhard Sch{{\"o}}lkopf},
  title   = {Distinguishing Cause from Effect Using Observational Data: Methods and Benchmarks},
  journal = {Journal of Machine Learning Research},
  year    = {2016}
}
@article{peters2016causal,
  title={Causal inference by using invariant prediction: identification and confidence intervals},
  author={Peters, Jonas and B{\"u}hlmann, Peter and Meinshausen, Nicolai},
  journal={Journal of the Royal Statistical Society: Series B (Statistical Methodology)},
  year={2016},
}
@book{peters2017elements,
  title={Elements of causal inference: foundations and learning algorithms},
  author={Peters, Jonas and Janzing, Dominik and Sch{\"o}lkopf, Bernhard},
  year={2017},
  publisher={MIT press}
}
@inproceedings{magliacane2018domain,
  title={Domain adaptation by using causal inference to predict invariant conditional distributions},
  author={Magliacane, Sara and van Ommen, Thijs and Claassen, Tom and Bongers, Stephan and Versteeg, Philip and Mooij, Joris M},
  booktitle={NeurIPS},
  year={2018}
}
@inproceedings{zheng2018dags,
  title={{DAGs with NO TEARS}: Continuous optimization for structure learning},
  author={Zheng, Xun and Aragam, Bryon and Ravikumar, Pradeep K and Xing, Eric P},
  booktitle={NeurIPS},
  year={2018}
}
@article{heinze2018invariant,
  title={Invariant causal prediction for nonlinear models},
  author={Heinze-Deml, Christina and Peters, Jonas and Meinshausen, Nicolai},
  journal={Journal of Causal Inference},
  year={2018},
}
@article{heinze2018causal,
  title={Causal structure learning},
  author={Heinze-Deml, Christina and Maathuis, Marloes H and Meinshausen, Nicolai},
  journal={Annual Review of Statistics and Its Application},
  year={2018}
}
@article{rothenhausler2019causal,
  title={Causal dantzig: fast inference in linear structural equation models with hidden variables under additive interventions},
  author={Rothenh{\"a}usler, Dominik and B{\"u}hlmann, Peter and Meinshausen, Nicolai},
  journal={The Annals of Statistics},
  volume={47},
  number={3},
  pages={1688--1722},
  year={2019},
  publisher={Institute of Mathematical Statistics}
}
@article{scholkopf2019causality,
    author={Bernhard Sch√∂lkopf},
    title={Causality for Machine Learning},
    year={2019},
    journal={arXiv:1911.10500},
}
@inproceedings{lachapelle2019gradient,
  title={Gradient-based neural {DAG} learning},
  author={Lachapelle, S{\'e}bastien and Brouillard, Philippe and Deleu, Tristan and Lacoste-Julien, Simon},
  booktitle={ICLR},
  year={2020}
}
@article{squires2019permutation,
  title={Permutation-Based Causal Structure Learning with Unknown Intervention Targets},
  author={Squires, Chandler and Wang, Yuhao and Uhler, Caroline},
  journal={arXiv preprint arXiv:1910.09007},
  year={2019}
}

% GENERAL - MISCELLANEOUS
@book{rosenblatt1957perceptron,
  title={The perceptron, a perceiving and recognizing automaton Project Para},
  author={Rosenblatt, Frank},
  year={1957},
  publisher={Cornell Aeronautical Laboratory}
}
@article{wainwright2008graphical,
  title={Graphical models, exponential families, and variational inference},
  author={Wainwright, Martin J and Jordan, Michael I},
  journal={Foundations and Trends{\textregistered} in Machine Learning},
  volume={1},
  number={1-2},
  pages={1--305},
  year={2008},
  publisher={Now Publishers Inc.}
}
@book{koller2009probabilistic,
  title={Probabilistic graphical models: principles and techniques},
  author={Koller, Daphne and Friedman, Nir},
  year={2009},
  publisher={MIT press}
}
@article{kingma2013auto,
  title={Auto-encoding variational bayes},
  author={Kingma, Diederik P and Welling, Max},
  journal={arXiv preprint arXiv:1312.6114},
  year={2013}
}
@article{goodfellow2014explaining,
  title={Explaining and harnessing adversarial examples},
  author={Goodfellow, Ian J and Shlens, Jonathon and Szegedy, Christian},
  journal={arXiv preprint arXiv:1412.6572},
  year={2014}
}
@inproceedings{goodfellow2014generative,
  title={Generative adversarial nets},
  author={Goodfellow, Ian and Pouget-Abadie, Jean and Mirza, Mehdi and Xu, Bing and Warde-Farley, David and Ozair, Sherjil and Courville, Aaron and Bengio, Yoshua},
  booktitle={Advances in neural information processing systems},
  year={2014}
}
@inproceedings{rezende2015variational,
  title={Variational Inference with Normalizing Flows},
  author={Rezende, Danilo and Mohamed, Shakir},
  booktitle={International Conference on Machine Learning},
  pages={1530--1538},
  year={2015}
}
@article{rosenfeld2018elephant,
  title={The elephant in the room},
  author={Rosenfeld, Amir and Zemel, Richard and Tsotsos, John K},
  journal={arXiv preprint arXiv:1808.03305},
  year={2018}
}
@article{peters2018deep,
  title={Deep contextualized word representations},
  author={Peters, Matthew E and Neumann, Mark and Iyyer, Mohit and Gardner, Matt and Clark, Christopher and Lee, Kenton and Zettlemoyer, Luke},
  journal={arXiv preprint arXiv:1802.05365},
  year={2018}
}
@article{devlin2018bert,
  title={Bert: Pre-training of deep bidirectional transformers for language understanding},
  author={Devlin, Jacob and Chang, Ming-Wei and Lee, Kenton and Toutanova, Kristina},
  journal={arXiv preprint arXiv:1810.04805},
  year={2018}
}


